
@article{MGonigle-2012,
  title = {Sexual selection enables long-term coexistence despite ecological equivalence},
  volume = {484},
  doi = {10.1038/nature10971},
  journal = {Nature},
  author = {{M'Gonigle}, Leithen K. and {Mazzucco}, Rupert and {Otto}, Sarah P. and {Dieckmann}, Ulf},
  year = {2012},
  pages = {506--509}
}

@article{Wolf-2007,
  title = {Life-history trade-offs favour the evolution of animal personalities},
  volume = {447},
  doi = {10.1038/nature05835},
  number = {7144},
  journal = {Nature},
  author = {{Wolf}, Max and {van Doorn}, G. Sander and {Leimar}, Olof and {Weissing}, Franz J.},
  year = {2007},
  pages = {581--584}
}

